<?xml version="1.0" encoding="UTF-8"?><collection xmlns="http://www.loc.gov/MARC21/slim"><record><leader>00367nam--2200133-i-4500</leader><controlfield tag="001">000028956</controlfield><controlfield tag="002">20161230</controlfield><controlfield tag="005">20161230201037</controlfield><controlfield tag="008">060222s1000------------r-----000-0-eng-d</controlfield><datafield ind1=" " ind2=" " tag="080"><subfield code="a">541.6:541.11</subfield></datafield><datafield ind1=" " ind2=" " tag="100"><subfield code="a">Leca, Minodora Si Vilu, Rodica</subfield></datafield><datafield ind1=" " ind2=" " tag="245"><subfield code="a">Termodinamica polimerilor prin cromatografie de gaze</subfield></datafield><datafield ind1=" " ind2=" " tag="260"><subfield code="a">Bucuresti, Ed.Acad.Rsr.,1987. 238p</subfield></datafield><datafield ind1=" " ind2=" " tag="852"><subfield code="a">79708</subfield></datafield></record></collection>